@article{1929spectator,
	title={A Chiltern Autumn},
	author={H. M.},
	journal={The Spectator},
	volume = {143},
	number={5289},
	year={1929},
	url={https://books.google.com/books?id=mniapACANGEC}
}


@article{stat,
	author={Ryan Tibshirani and Andrew Price and Jonathan Taylor},
	journal={Journal of the Royal Statistical Society Series A},
	title={A Statistician Plays Darts},
	volume={174},
	pages={213-226},
	year={2011},
	url={https://www.stat.cmu.edu/~ryantibs/papers/darts.pdf}
}

@misc{diag,
	title={Dartboard diagram.svg},
	author={Tijmen Stam},
	year={2014},
	url={https://commons.wikimedia.org/wiki/File:Dartboard_diagram.svg}
}

@misc{basin,
	title={scipy.optimize.basinhopping},
	author={The Scipy Community},
	url={https://docs.scipy.org/doc/scipy/reference/generated/scipy.optimize.basinhopping.html#scipy.optimize.basinhopping}
}